
<!--568-->
<record>
  <leader>00902nam a2200265   4500</leader>
  <datafield tag="999" ind1=" " ind2=" ">
    <subfield code="c">7892</subfield>
    <subfield code="d">7892</subfield>
  </datafield>
  <controlfield tag="003">BR-MnINPA</controlfield>
  <controlfield tag="005">20180920161442.0</controlfield>
  <controlfield tag="008">030701s1978    bl a     r    000 0 por u</controlfield>
  <datafield tag="082" ind1="1" ind2=" ">
    <subfield code="a">301.074</subfield>
    <subfield code="2">19</subfield>
  </datafield>
  <datafield tag="090" ind1=" " ind2=" ">
    <subfield code="a">301.074</subfield>
    <subfield code="b">M986g</subfield>
  </datafield>
  <datafield tag="110" ind1="2" ind2=" ">
    <subfield code="a">Museu Paraense Emílio Goeldi</subfield>
  </datafield>
  <datafield tag="245" ind1="1" ind2="0">
    <subfield code="a">Guia das exposições de antropologia / </subfield>
    <subfield code="c">por Eduardo Galvão.</subfield>
  </datafield>
  <datafield tag="250" ind1=" " ind2=" ">
    <subfield code="a">4. ed.</subfield>
  </datafield>
  <datafield tag="260" ind1=" " ind2=" ">
    <subfield code="a">Belém : </subfield>
    <subfield code="b">Museu Paraense Emílio Goeldi, </subfield>
    <subfield code="c">1978.</subfield>
  </datafield>
  <datafield tag="300" ind1=" " ind2=" ">
    <subfield code="a">64 p. : </subfield>
    <subfield code="b">il.</subfield>
  </datafield>
  <datafield tag="490" ind1="0" ind2=" ">
    <subfield code="a">Série "Guias" / Museu Paraense Emílio Goeldi ; </subfield>
    <subfield code="v">n. 1</subfield>
  </datafield>
  <datafield tag="490" ind1="1" ind2=" ">
    <subfield code="a">Série "Guias" ; </subfield>
    <subfield code="v">n. 1</subfield>
  </datafield>
  <datafield tag="500" ind1=" " ind2=" ">
    <subfield code="a">Título da capa: Exposições de antropologia.</subfield>
  </datafield>
  <datafield tag="650" ind1=" " ind2="0">
    <subfield code="a">Índios</subfield>
    <subfield code="z">Pará</subfield>
    <subfield code="v">Exposições.</subfield>
  </datafield>
  <datafield tag="650" ind1=" " ind2="0">
    <subfield code="a">Índios</subfield>
    <subfield code="z">Amazônia</subfield>
    <subfield code="v">Exposições.</subfield>
  </datafield>
  <datafield tag="650" ind1=" " ind2="0">
    <subfield code="a">Museu Paraense Emílio Goeldi.</subfield>
  </datafield>
  <datafield tag="650" ind1=" " ind2="0">
    <subfield code="a">Museus e coleções antropológicas</subfield>
    <subfield code="z">Belém (PA)</subfield>
  </datafield>
  <datafield tag="700" ind1="1" ind2=" ">
    <subfield code="a">Galvão, Eduardo Enéas.</subfield>
  </datafield>
  <datafield tag="942" ind1=" " ind2=" ">
    <subfield code="c">L</subfield>
  </datafield>
  <datafield tag="952" ind1=" " ind2=" ">
    <subfield code="0">0</subfield>
    <subfield code="1">0</subfield>
    <subfield code="2">ddc</subfield>
    <subfield code="4">0</subfield>
    <subfield code="6">AM_301_074000000000000_M986G</subfield>
    <subfield code="7">0</subfield>
    <subfield code="8">AM</subfield>
    <subfield code="9">10048</subfield>
    <subfield code="a">sdin</subfield>
    <subfield code="b">sdin</subfield>
    <subfield code="d">2016-11-23</subfield>
    <subfield code="l">0</subfield>
    <subfield code="o">AM 301.074 M986g</subfield>
    <subfield code="p">02-0660</subfield>
    <subfield code="r">2016-11-23</subfield>
    <subfield code="w">2016-11-23</subfield>
    <subfield code="y">L</subfield>
  </datafield>
  <datafield tag="952" ind1=" " ind2=" ">
    <subfield code="0">0</subfield>
    <subfield code="1">0</subfield>
    <subfield code="2">ddc</subfield>
    <subfield code="4">0</subfield>
    <subfield code="6">AM_301_074000000000000_M986G</subfield>
    <subfield code="7">0</subfield>
    <subfield code="8">AM</subfield>
    <subfield code="9">38958</subfield>
    <subfield code="a">sdin</subfield>
    <subfield code="b">sdin</subfield>
    <subfield code="d">2018-09-20</subfield>
    <subfield code="l">0</subfield>
    <subfield code="o">AM 301.074 M986g</subfield>
    <subfield code="p">06-0156</subfield>
    <subfield code="r">2018-09-20</subfield>
    <subfield code="w">2018-09-20</subfield>
    <subfield code="y">L</subfield>
  </datafield>
  <datafield tag="952" ind1=" " ind2=" ">
    <subfield code="0">0</subfield>
    <subfield code="1">0</subfield>
    <subfield code="2">ddc</subfield>
    <subfield code="4">0</subfield>
    <subfield code="6">AM_301_074000000000000_M986G</subfield>
    <subfield code="7">0</subfield>
    <subfield code="8">AM</subfield>
    <subfield code="9">39038</subfield>
    <subfield code="a">sdin</subfield>
    <subfield code="b">sdin</subfield>
    <subfield code="d">2018-09-25</subfield>
    <subfield code="l">0</subfield>
    <subfield code="o">AM 301.074 M986g</subfield>
    <subfield code="p">79-1806</subfield>
    <subfield code="r">2018-09-25</subfield>
    <subfield code="w">2018-09-25</subfield>
    <subfield code="y">L</subfield>
  </datafield>
  <datafield tag="952" ind1=" " ind2=" ">
    <subfield code="0">0</subfield>
    <subfield code="1">0</subfield>
    <subfield code="2">ddc</subfield>
    <subfield code="4">0</subfield>
    <subfield code="6">AM_301_074000000000000_M986G</subfield>
    <subfield code="7">0</subfield>
    <subfield code="8">AM</subfield>
    <subfield code="9">39039</subfield>
    <subfield code="a">sdin</subfield>
    <subfield code="b">sdin</subfield>
    <subfield code="d">2018-09-25</subfield>
    <subfield code="l">0</subfield>
    <subfield code="o">AM 301.074 M986g</subfield>
    <subfield code="p">79-1807</subfield>
    <subfield code="r">2018-09-25</subfield>
    <subfield code="w">2018-09-25</subfield>
    <subfield code="y">L</subfield>
  </datafield>
</record>