
<!--572-->
<record>
  <leader>00531nam a2200193   4500</leader>
  <controlfield tag="001">BIBLIOPAC-010754</controlfield>
  <controlfield tag="005">20161123142933.0</controlfield>
  <controlfield tag="008">140710s1963    bl     f     0000 0 eng  </controlfield>
  <datafield tag="082" ind1="1" ind2=" ">
    <subfield code="a">301.0981</subfield>
  </datafield>
  <datafield tag="090" ind1=" " ind2=" ">
    <subfield code="a">301.0981</subfield>
    <subfield code="b">W131i</subfield>
  </datafield>
  <datafield tag="100" ind1="1" ind2=" ">
    <subfield code="a">Wagley, Charles</subfield>
  </datafield>
  <datafield tag="245" ind1="1" ind2="0">
    <subfield code="a">An introducition to Brazil / </subfield>
    <subfield code="c">Charles Wagley.</subfield>
  </datafield>
  <datafield tag="260" ind1=" " ind2=" ">
    <subfield code="a">Nova York : </subfield>
    <subfield code="b">Columbia University Press, </subfield>
    <subfield code="c">1963.</subfield>
  </datafield>
  <datafield tag="300" ind1=" " ind2=" ">
    <subfield code="a">322 p.</subfield>
  </datafield>
  <datafield tag="505" ind1=" " ind2="0">
    <subfield code="a">Contém índice.</subfield>
  </datafield>
  <datafield tag="650" ind1=" " ind2="4">
    <subfield code="a">Sociologia</subfield>
    <subfield code="z">Brasil.</subfield>
  </datafield>
  <datafield tag="650" ind1=" " ind2="4">
    <subfield code="a">Antropologia</subfield>
    <subfield code="z">Brasil.</subfield>
  </datafield>
  <datafield tag="942" ind1=" " ind2=" ">
    <subfield code="c">L</subfield>
  </datafield>
  <datafield tag="999" ind1=" " ind2=" ">
    <subfield code="c">17464</subfield>
    <subfield code="d">17464</subfield>
  </datafield>
  <datafield tag="952" ind1=" " ind2=" ">
    <subfield code="0">0</subfield>
    <subfield code="1">0</subfield>
    <subfield code="4">0</subfield>
    <subfield code="6">301_098100000000000_W131I</subfield>
    <subfield code="7">0</subfield>
    <subfield code="8">G</subfield>
    <subfield code="9">23678</subfield>
    <subfield code="a">sdin</subfield>
    <subfield code="b">sdin</subfield>
    <subfield code="d">2016-11-23</subfield>
    <subfield code="l">0</subfield>
    <subfield code="o">301.0981 W131i</subfield>
    <subfield code="p">65-0161</subfield>
    <subfield code="r">2016-11-23</subfield>
    <subfield code="w">2016-11-23</subfield>
    <subfield code="y">L</subfield>
  </datafield>
</record>