
<!--574-->
<record>
  <leader>00681nam a2200181   4500</leader>
  <controlfield tag="001">BIBLIOPAC-001051</controlfield>
  <controlfield tag="008">030701s1965    bl     f      000 0 por  </controlfield>
  <datafield tag="082" ind1="1" ind2=" ">
    <subfield code="a">301.09811</subfield>
  </datafield>
  <datafield tag="090" ind1=" " ind2=" ">
    <subfield code="a">301.09811</subfield>
    <subfield code="b">E86</subfield>
  </datafield>
  <datafield tag="100" ind1="1" ind2=" ">
    <subfield code="a">Batista, Francisco Ferreira</subfield>
  </datafield>
  <datafield tag="245" ind1="1" ind2="0">
    <subfield code="a">Planejamento e programação regional : </subfield>
    <subfield code="b">um segmento de programação estadual / </subfield>
    <subfield code="c">Francisco Ferreira Batista.</subfield>
  </datafield>
  <datafield tag="260" ind1=" " ind2=" ">
    <subfield code="a">Manaus : </subfield>
    <subfield code="b">Edições Governo do Estado do Amazonas, </subfield>
    <subfield code="c">[1965].</subfield>
  </datafield>
  <datafield tag="300" ind1=" " ind2=" ">
    <subfield code="a">57 p.</subfield>
  </datafield>
  <datafield tag="490" ind1="0" ind2=" ">
    <subfield code="a">Série Euclides da Cunha ; </subfield>
    <subfield code="v">v. 2</subfield>
  </datafield>
  <datafield tag="500" ind1=" " ind2=" ">
    <subfield code="a">"Aula inaugural na Faculdade de Ciências Econômicas da Universidade do Amazonas."</subfield>
  </datafield>
  <datafield tag="650" ind1=" " ind2="0">
    <subfield code="a">Planejamento regional</subfield>
    <subfield code="z">Amazonas.</subfield>
  </datafield>
  <datafield tag="942" ind1=" " ind2=" ">
    <subfield code="c">L</subfield>
  </datafield>
  <datafield tag="999" ind1=" " ind2=" ">
    <subfield code="c">7874</subfield>
    <subfield code="d">7874</subfield>
  </datafield>
  <datafield tag="952" ind1=" " ind2=" ">
    <subfield code="0">0</subfield>
    <subfield code="1">0</subfield>
    <subfield code="4">0</subfield>
    <subfield code="6">AM_301_098110000000000_E86P</subfield>
    <subfield code="7">0</subfield>
    <subfield code="8">AM</subfield>
    <subfield code="9">10020</subfield>
    <subfield code="a">sdin</subfield>
    <subfield code="b">sdin</subfield>
    <subfield code="d">2016-11-23</subfield>
    <subfield code="l">0</subfield>
    <subfield code="o">AM 301.09811 E86p</subfield>
    <subfield code="p">02-0640</subfield>
    <subfield code="r">2016-11-23</subfield>
    <subfield code="w">2016-11-23</subfield>
    <subfield code="y">L</subfield>
  </datafield>
</record>