
<!--578-->
<record>
  <leader>00737nam a2200205   4500</leader>
  <controlfield tag="001">BIBLIOPAC-001024</controlfield>
  <controlfield tag="008">030701s1966    bl     f      000 0 por  </controlfield>
  <datafield tag="082" ind1="1" ind2=" ">
    <subfield code="a">301.09811</subfield>
  </datafield>
  <datafield tag="090" ind1=" " ind2=" ">
    <subfield code="a">301.09811</subfield>
    <subfield code="b">E86</subfield>
  </datafield>
  <datafield tag="100" ind1="1" ind2=" ">
    <subfield code="a">Tocantins, Leandro</subfield>
  </datafield>
  <datafield tag="245" ind1="1" ind2="0">
    <subfield code="a">Brasil : </subfield>
    <subfield code="b">alguns valores essenciais / </subfield>
    <subfield code="c">Leandro Tocantins.</subfield>
  </datafield>
  <datafield tag="260" ind1=" " ind2=" ">
    <subfield code="a">Manaus : </subfield>
    <subfield code="b">Edições Governo do Estado do Amazonas, </subfield>
    <subfield code="c">[1966].</subfield>
  </datafield>
  <datafield tag="300" ind1=" " ind2=" ">
    <subfield code="a">110 p.</subfield>
  </datafield>
  <datafield tag="490" ind1="0" ind2=" ">
    <subfield code="a">Série Euclides da Cunha ; </subfield>
    <subfield code="v">v. 9</subfield>
  </datafield>
  <datafield tag="500" ind1=" " ind2=" ">
    <subfield code="a">"Um sumário de temas sôbre o espírito de nossa nacionalidade, quanto a sua iniciação, formação, e desenvolvimento."</subfield>
  </datafield>
  <datafield tag="650" ind1=" " ind2="0">
    <subfield code="a">Literatura brasileira</subfield>
    <subfield code="x">História e crítica.</subfield>
  </datafield>
  <datafield tag="651" ind1=" " ind2="4">
    <subfield code="a">Brasil</subfield>
    <subfield code="x">Civilização</subfield>
  </datafield>
  <datafield tag="651" ind1=" " ind2=" ">
    <subfield code="x">História.</subfield>
  </datafield>
  <datafield tag="942" ind1=" " ind2=" ">
    <subfield code="c">L</subfield>
  </datafield>
  <datafield tag="999" ind1=" " ind2=" ">
    <subfield code="c">7847</subfield>
    <subfield code="d">7847</subfield>
  </datafield>
  <datafield tag="952" ind1=" " ind2=" ">
    <subfield code="0">0</subfield>
    <subfield code="1">0</subfield>
    <subfield code="4">0</subfield>
    <subfield code="6">AM_301_098110000000000_E86B</subfield>
    <subfield code="7">0</subfield>
    <subfield code="8">AM</subfield>
    <subfield code="9">9974</subfield>
    <subfield code="a">sdin</subfield>
    <subfield code="b">sdin</subfield>
    <subfield code="d">2016-11-23</subfield>
    <subfield code="l">0</subfield>
    <subfield code="o">AM 301.09811 E86b</subfield>
    <subfield code="p">02-0614</subfield>
    <subfield code="r">2016-11-23</subfield>
    <subfield code="w">2016-11-23</subfield>
    <subfield code="y">L</subfield>
  </datafield>
  <datafield tag="952" ind1=" " ind2=" ">
    <subfield code="0">0</subfield>
    <subfield code="1">0</subfield>
    <subfield code="4">0</subfield>
    <subfield code="6">AM_301_098110000000000_E86B</subfield>
    <subfield code="7">0</subfield>
    <subfield code="8">AM</subfield>
    <subfield code="9">9975</subfield>
    <subfield code="a">sdin</subfield>
    <subfield code="b">sdin</subfield>
    <subfield code="d">2016-11-23</subfield>
    <subfield code="l">0</subfield>
    <subfield code="o">AM 301.09811 E86b</subfield>
    <subfield code="p">02-0615</subfield>
    <subfield code="r">2016-11-23</subfield>
    <subfield code="w">2016-11-23</subfield>
    <subfield code="y">L</subfield>
  </datafield>
  <datafield tag="952" ind1=" " ind2=" ">
    <subfield code="0">0</subfield>
    <subfield code="1">0</subfield>
    <subfield code="4">0</subfield>
    <subfield code="6">AM_301_098110000000000_E86B</subfield>
    <subfield code="7">0</subfield>
    <subfield code="8">AM</subfield>
    <subfield code="9">9976</subfield>
    <subfield code="a">sdin</subfield>
    <subfield code="b">sdin</subfield>
    <subfield code="d">2016-11-23</subfield>
    <subfield code="l">0</subfield>
    <subfield code="o">AM 301.09811 E86b</subfield>
    <subfield code="p">02-0616</subfield>
    <subfield code="r">2016-11-23</subfield>
    <subfield code="w">2016-11-23</subfield>
    <subfield code="y">L</subfield>
  </datafield>
  <datafield tag="952" ind1=" " ind2=" ">
    <subfield code="0">0</subfield>
    <subfield code="1">0</subfield>
    <subfield code="4">0</subfield>
    <subfield code="6">AM_301_098110000000000_E86B</subfield>
    <subfield code="7">0</subfield>
    <subfield code="8">AM</subfield>
    <subfield code="9">9977</subfield>
    <subfield code="a">sdin</subfield>
    <subfield code="b">sdin</subfield>
    <subfield code="d">2016-11-23</subfield>
    <subfield code="l">0</subfield>
    <subfield code="o">AM 301.09811 E86b</subfield>
    <subfield code="p">02-0617</subfield>
    <subfield code="r">2016-11-23</subfield>
    <subfield code="w">2016-11-23</subfield>
    <subfield code="y">L</subfield>
  </datafield>
</record>